%% 既存研究
@INPROCEEDINGS{kison, 
author={T. Yanagisawa and S.Miyata}, 
booktitle={in Proc. of the 2022 International Conference on Information Networking (ICOIN) }, 
title={DASH rate control using game theory to consider user video preference}, 
volume={}, 
number={12-15}, 
pages={}, 
ISSN={}, 
month={Jan.},
year={2022},}

%元元論文
@ARTICLE{motomoto,
  author={Yuan, Hui and Fu, Huayong and Liu, Ju and Hou, Junhui and Kwong, Sam},
  journal={IEEE Transactions on Mobile Computing}, 
  title={Non-Cooperative Game Theory Based Rate Adaptation for Dynamic Video Streaming over HTTP}, 
  year={2018},
  volume={17},
  number={10},
  pages={2334-2348},
  keywords={Bit rate;Quality of experience;Bandwidth;Streaming media;Servers;Games;Nash equilibrium;Non-cooperative game;nash equilibrium;DASH;bitrate adaptation;QoE},
  doi={10.1109/TMC.2018.2800749}}

%
@ARTICLE{konomi, 
author={R. Shalala, R. Dubin, O. Hadar, A. Dvir}, 
journal={Networking and Communications (ICNC)}, 
booktitle={in Proc. of the 2018 International Conference on Computing }, 
title={Video QoE Prediction Based on User Profile},   
pages={588-592},  
month={Mar.},
year={2018},}

@ARTICLE{throughput, 
author={C. Liu, I. Bouazizi, M. M. Hannuksela, and M. Gabbouj}, 
journal={Signal Process. Image Commun},  
title={Rate adaptation for dynamic adaptive streaming over HTTP in content distribution network},   
pages={288–311},  
year={2012},}

@ARTICLE{Driven, 
author={Weiwen Zhang, Yonggang Wen, Zhenzhong Chen, and Ashish Khisti}, 
journal={IEEE Transactions on Multimedia}, 
title={QoE-Driven Cache Management for HTTP Adaptive Bit Rate Streaming Over Wireless Networks},   
pages={1431–1445},  
month={Oct.},
year={2013},}

@INPROCEEDINGS{johari, 
author={R. Johari and J. N. Tsitsiklis}, 
booktitle={in Proc. of the Game Theoretic Approaches to Efficiency Loss in Resource Allocation}, 
title={A Game Theoretic View of Efficiency Loss in Resource Allocation}, 
volume={}, 
number={}, 
pages={}, 
ISSN={}, 
month={}, 
year={2004},}

@ARTICLE{sigmund2010,
  author={Sigmund, Karl and De Silva, Hannelore and Traulsen, Arne and Hauert, Christoph},
  journal={Nature}, 
  title={Social learning promotes institutions for governing the commons}, 
  year={2010},
  volume={466},
  number={7308},
  pages={861--863},
  doi={10.1038/nature09203}
}


##\bibliography{refs}
\begin{thebibliography}{9} % 文献数が10未満の時 {9}文献数が10以上の時 {99}
\bibitem{1}
 T. Yanagisawa and S.Miyata, "DASH rate control using game theory to consider user video preference," in Proc. of the 2022 International Conference on Information Networking (ICOIN), Jeju-si, Korea, Republic of, Jan. 12-15, 2022, pp. 113-118, doi: 10.1109/ICOIN53446.2022.9687211.
\bibitem{2}
H. Yuan, H. Fu, J. Liu, J. Hou, S. Kwong, "Non-Cooperative Game Theory Based Rate Adaptation for Dynamic Video Streaming over HTTP," in IEEE Transactions on Mobile Computing, vol. 17, no. 10, pp. 2334-2348, Oct. 2018, doi: 10.1109/TMC.2018.2800749.

\bibitem{3}
 R. Sakamoto, T. Shobudani, R. Hotchi, R. Kubo, "QoE-Aware Stable Adaptive Video Streaming Using Proportional-Derivative Controller for MPEG-DASH," IEICE Transactions on Communications, vol. E104-B, no. 3, pp. 286-294, Mar. 2021, doi: 10.1587/transcom.2020EBP3038.
 
\bibitem{4}
 岡田章, "Game Theory," 有斐閣, 2011.
 
\bibitem{5}
R. Shalala, R. Dubin, O. Hadar, A. Dvir, "Video QoE Prediction Based on User Profile," in Proc. of the 2018 International Conference on Computing, Networking and Communications (ICNC), Maui, HI, USA, Mar. 5-8, 2018, pp. 588-592, doi: 10.1109/ICNC.2018.8390347.

\bibitem{6}
S. Wang, A. Rehman, Z. Wang, S. Ma, W. Gao, "SSIM-inspired divisive normalization for perceptual video coding," in Proc. of the 2011 18th IEEE International Conference on Image Processing (ICIP), Brussels, Belgium, Sep. 11-14, 2011, pp. 1657-1660, doi: 10.1109/ICIP.2011.6115771.

\bibitem{7}
T. De Pessemier, K. De Moor, W. Joseph, L. De Marez, L. Martens, "Quantifying the Influence of Rebuffering Interruptions on the User's Quality of Experience During Mobile Video Watching," IEEE Transactions on Broadcasting, vol. 59, no. 1, pp. 47-61, Mar. 2013, doi: 10.1109/TBC.2012.2220231.

\bibitem{8}
D. Z. Rodríguez, R. L. Rosa, E. A. Costa, J. Abrahão, and G. Bressan, "Video quality assessment in video streaming services considering user preference for video content," IEEE Transactions on Consumer Electronics, vol. 60, no. 3, pp. 436-444, Aug. 2014, doi: 10.1109/TCE.2014.6937328.

\bibitem{9}
Z. Su, Q. Xu, M. Fei, and M. Dong, "Game Theoretic Resource Allocation in Media Cloud With Mobile Social Users," IEEE Transactions on Multimedia, vol. 18, no. 8, pp. 1650-1660, Aug. 2016, doi: 10.1109/TMM.2016.2566584.

\bibitem{10}
W. Zhang, Y. Wen, Z. Chen, and A. Khisti, "QoE-Driven Cache Management for HTTP Adaptive Bit Rate Streaming Over Wireless Networks," IEEE Transactions on Multimedia, vol. 15, no. 6, pp. 1431-1445, Oct. 2013, doi: 10.1109/TMM.2013.2247583.

\bibitem{11}
D. Z. Rodríguez, R. L. Rosa, E. A. Costa, J. Abrahão, and G. Bressan, "Video quality assessment in video streaming services considering user preference for video content," IEEE Transactions on Consumer Electronics, vol. 60, no. 3, pp. 436-444, Aug. 2014, doi: 10.1109/TCE.2014.6937328

\end{thebibliography}